<?xml version="1.0" encoding="UTF-8"?>
  <record xmlns="http://www.loc.gov/MARC21/slim" type="Authority">
    <leader>00000nz  a2200000nc 4500</leader>
    <controlfield tag="001">1037859715</controlfield>
    <controlfield tag="003">DE-101</controlfield>
    <controlfield tag="005">20200612165238.0</controlfield>
    <controlfield tag="008">130801n||aznnnaabn           | aaa    |c</controlfield>
    <datafield tag="024" ind1="7" ind2=" ">
      <subfield code="a">1037859715</subfield>
      <subfield code="0">http://d-nb.info/gnd/1037859715</subfield>
      <subfield code="2">gnd</subfield>
    </datafield>
    <datafield tag="035" ind1=" " ind2=" ">
      <subfield code="a">(DE-101)1037859715</subfield>
    </datafield>
    <datafield tag="035" ind1=" " ind2=" ">
      <subfield code="a">(DE-588)1037859715</subfield>
    </datafield>
    <datafield tag="040" ind1=" " ind2=" ">
      <subfield code="a">DE-12</subfield>
      <subfield code="c">DE-12</subfield>
      <subfield code="9">r:DE-12</subfield>
      <subfield code="b">ger</subfield>
      <subfield code="d">1031</subfield>
    </datafield>
    <datafield tag="042" ind1=" " ind2=" ">
      <subfield code="a">gnd1</subfield>
    </datafield>
    <datafield tag="043" ind1=" " ind2=" ">
      <subfield code="c">XA-FR</subfield>
      <subfield code="c">XA-CH</subfield>
    </datafield>
    <datafield tag="075" ind1=" " ind2=" ">
      <subfield code="b">p</subfield>
      <subfield code="2">gndgen</subfield>
    </datafield>
    <datafield tag="075" ind1=" " ind2=" ">
      <subfield code="b">piz</subfield>
      <subfield code="2">gndspec</subfield>
    </datafield>
    <datafield tag="079" ind1=" " ind2=" ">
      <subfield code="a">g</subfield>
      <subfield code="q">l</subfield>
      <subfield code="q">f</subfield>
    </datafield>
    <datafield tag="100" ind1="1" ind2=" ">
      <subfield code="a">Thurneysen, Johann Jakob</subfield>
      <subfield code="d">1668-1730</subfield>
    </datafield>
    <datafield tag="375" ind1=" " ind2=" ">
      <subfield code="a">1</subfield>
      <subfield code="2">iso5218</subfield>
    </datafield>
    <datafield tag="400" ind1="1" ind2=" ">
      <subfield code="a">Thurneysen, Johann Jacob</subfield>
      <subfield code="d">1668-1730</subfield>
    </datafield>
    <datafield tag="400" ind1="1" ind2=" ">
      <subfield code="a">Thourneysen, Joh. Jacob</subfield>
      <subfield code="d">1668-1730</subfield>
    </datafield>
    <datafield tag="400" ind1="1" ind2=" ">
      <subfield code="a">Thourneysen, Joh. Jacob</subfield>
      <subfield code="c">Filius</subfield>
      <subfield code="d">1668-1730</subfield>
    </datafield>
    <datafield tag="400" ind1="1" ind2=" ">
      <subfield code="a">Thurneysen, Johann Jakob</subfield>
      <subfield code="c">der Jüngere</subfield>
      <subfield code="d">1668-1730</subfield>
    </datafield>
    <datafield tag="400" ind1="1" ind2=" ">
      <subfield code="a">Thurneysen, Jean-Jacob</subfield>
      <subfield code="d">1668-1730</subfield>
    </datafield>
    <datafield tag="400" ind1="1" ind2=" ">
      <subfield code="a">Thourneysen, Jean-Jacques</subfield>
      <subfield code="d">1668-1730</subfield>
    </datafield>
    <datafield tag="400" ind1="1" ind2=" ">
      <subfield code="a">Thurneyser, Jean-Jacob</subfield>
      <subfield code="d">1668-1730</subfield>
    </datafield>
    <datafield tag="400" ind1="1" ind2=" ">
      <subfield code="a">Thourneyser, J.J.</subfield>
      <subfield code="c">Filius</subfield>
      <subfield code="d">1668-1730</subfield>
    </datafield>
    <datafield tag="400" ind1="1" ind2=" ">
      <subfield code="a">Faeton, Johann Jakob</subfield>
      <subfield code="c">der Jüngere</subfield>
      <subfield code="d">1668-1730</subfield>
    </datafield>
    <datafield tag="500" ind1="1" ind2=" ">
      <subfield code="0">(DE-101)134106997</subfield>
      <subfield code="0">(DE-588)134106997</subfield>
      <subfield code="0">https://d-nb.info/gnd/134106997</subfield>
      <subfield code="a">Thurneysen, Johann Jakob</subfield>
      <subfield code="d">1636-1711</subfield>
      <subfield code="4">bezf</subfield>
      <subfield code="4">https://d-nb.info/standards/elementset/gnd#familialRelationship</subfield>
      <subfield code="w">r</subfield>
      <subfield code="i">Beziehung familiaer</subfield>
      <subfield code="e">Beziehung familiaer</subfield>
      <subfield code="9">v:Vater</subfield>
    </datafield>
    <datafield tag="548" ind1=" " ind2=" ">
      <subfield code="a">1668-1730</subfield>
      <subfield code="4">datl</subfield>
      <subfield code="4">https://d-nb.info/standards/elementset/gnd#dateOfBirthAndDeath</subfield>
      <subfield code="w">r</subfield>
      <subfield code="i">Lebensdaten</subfield>
    </datafield>
    <datafield tag="548" ind1=" " ind2=" ">
      <subfield code="a">09.12.1668-28.02.1730</subfield>
      <subfield code="4">datx</subfield>
      <subfield code="4">https://d-nb.info/standards/elementset/gnd#dateOfBirthAndDeath</subfield>
      <subfield code="w">r</subfield>
      <subfield code="i">Exakte Lebensdaten</subfield>
    </datafield>
    <datafield tag="550" ind1=" " ind2=" ">
      <subfield code="0">(DE-101)041661656</subfield>
      <subfield code="0">(DE-588)4166165-5</subfield>
      <subfield code="0">https://d-nb.info/gnd/4166165-5</subfield>
      <subfield code="a">Kupferstecher</subfield>
      <subfield code="4">berc</subfield>
      <subfield code="4">https://d-nb.info/standards/elementset/gnd#professionOrOccupation</subfield>
      <subfield code="w">r</subfield>
      <subfield code="i">Charakteristischer Beruf</subfield>
    </datafield>
    <datafield tag="550" ind1=" " ind2=" ">
      <subfield code="0">(DE-101)041251733</subfield>
      <subfield code="0">(DE-588)4125173-8</subfield>
      <subfield code="0">https://d-nb.info/gnd/4125173-8</subfield>
      <subfield code="a">Grafiker</subfield>
      <subfield code="4">beru</subfield>
      <subfield code="4">https://d-nb.info/standards/elementset/gnd#professionOrOccupation</subfield>
      <subfield code="w">r</subfield>
      <subfield code="i">Beruf</subfield>
    </datafield>
    <datafield tag="551" ind1=" " ind2=" ">
      <subfield code="0">(DE-101)040367703</subfield>
      <subfield code="0">(DE-588)4036770-8</subfield>
      <subfield code="0">https://d-nb.info/gnd/4036770-8</subfield>
      <subfield code="a">Lyon</subfield>
      <subfield code="4">ortg</subfield>
      <subfield code="4">https://d-nb.info/standards/elementset/gnd#placeOfBirth</subfield>
      <subfield code="w">r</subfield>
      <subfield code="i">Geburtsort</subfield>
    </datafield>
    <datafield tag="551" ind1=" " ind2=" ">
      <subfield code="0">(DE-101)040046176</subfield>
      <subfield code="0">(DE-588)4004617-5</subfield>
      <subfield code="0">https://d-nb.info/gnd/4004617-5</subfield>
      <subfield code="a">Basel</subfield>
      <subfield code="4">orts</subfield>
      <subfield code="4">https://d-nb.info/standards/elementset/gnd#placeOfDeath</subfield>
      <subfield code="w">r</subfield>
      <subfield code="i">Sterbeort</subfield>
    </datafield>
    <datafield tag="667" ind1=" " ind2=" ">
      <subfield code="a">Sohn von Johann Jakob Thurneysen d.Ä. (1636-1711); nicht zu verwechseln mit dem Vater der Drucker/Verleger "Gebrüder Thurneysen", Hans Jacob (Johann Jakob I) Thurneysen (1659-1736)</subfield>
    </datafield>
    <datafield tag="670" ind1=" " ind2=" ">
      <subfield code="a">Objektkatalog der Sammlungen des Germanischen Nationalmuseums</subfield>
      <subfield code="u">http://objektkatalog.gnm.de</subfield>
    </datafield>
    <datafield tag="670" ind1=" " ind2=" ">
      <subfield code="a">AKLONLINE</subfield>
    </datafield>
    <datafield tag="670" ind1=" " ind2=" ">
      <subfield code="a">GND; Rondot 1899;Thieme-Becker</subfield>
    </datafield>
    <datafield tag="670" ind1=" " ind2=" ">
      <subfield code="a">Allgemeines Künstlerlexikon</subfield>
      <subfield code="u">https://www.degruyter.com/view/AKL/_00157064?rskey=fkzcdU&amp;result=13&amp;dbq_0=Thurneysen&amp;dbf_0=akl-fulltext&amp;dbt_0=fulltext&amp;o_0=AND</subfield>
    </datafield>
    <datafield tag="678" ind1=" " ind2=" ">
      <subfield code="b">Basler Kupferstecher; Sohn von Johann Jakob Thurneysen (1636-1711)</subfield>
    </datafield>
  </record>
